@book{mop,
  author = {Roger Johansson},
  year = {2020},
  title = {Maskinorienterad programmering med MD407},
  publisher = {Roger Johansson och GÃ¶teborgs Mikrovaror}
}

@misc{agent-based-modeling,
  author = {Eric Bonabeau},
  title = {Agent-based modeling: Methods and techniques for simulating human systems},
  howpublished = {https://www.pnas.org/doi/10.1073/pnas.082080899},
  note = {Fetched: 2023-01-24}
}