@misc{inrix, 
    title={INRIX 2022 Global Traffic Scorecard}, 
    howpublished={https://inrix.com/scorecard/},
    journal={Inrix},
    author={Inrix},
    note={Accessed: 2023-01-30}
}

@misc{trafikanalys_2022,
    title={Resvanor}, 
    howpublished={https://www.trafa.se/kommunikationsvanor/RVU-Sverige/},
    journal={Trafikanalys}, 
    publisher={Trafa}, 
    year={2022}, 
    month={May},
    note={Accessed: 2023-01-30}
}

 @misc{treehugger_2022, 
    title={How much air pollution comes from cars?}, 
    howpublished={https://www.treehugger.com/cars-are-causing-air-pollution-we-breathe-new-study-finds-4856825},
    journal={Treehugger}, 
    author={Gallagher, Katherine}, 
    year={2022}, 
    month={Aug},
    note={Accessed: 2023-01-30}
}

@article{urban_2004,
  title={Urban air pollution},
  author={Cohen, Aaron J and Anderson, H Ross and Ostro, Bart and Pandey, Kiran Dev and Krzyzanowski, Michal and K{\"u}nzli, Nino and Gutschmidt, Kersten and Pope III, C Arden and Romieu, Isabelle and Samet, Jonathan M and others},
  journal={Comparative quantification of health risks: global and regional burden of disease attributable to selected major risk factors},
  volume={2},
  pages={1353--1433},
  year={2004},
  publisher={JSTOR}
}


@misc{agent-based-modeling,
  author = {Eric Bonabeau},
  title = {Agent-based modeling: Methods and techniques for simulating human systems},
  howpublished = {https://www.pnas.org/doi/10.1073/pnas.082080899},
  note = {Accessed: 2023-01-24}
}

@misc{scrum,
  author = {Claire Drumond},
  title = {A guide to scrum: what it is and how it works},
  howpublished = {https://www.atlassian.com/agile/scrum},
  note = {Accessed: 2023-01-30}
}

@phdthesis{public-spaces,
  title={Agent-based modelling of public space activity in real-time},
  author={Cheliotis, Kostas},
  year={2019},
  school={UCL (University College London)}
}

@article{social-interactions-av,
  title={Social interactions for autonomous driving: A review and perspectives},
  author={Wang, Wenshuo and Wang, Letian and Zhang, Chengyuan and Liu, Changliu and Sun, Lijun and others},
  journal={Foundations and Trends{\textregistered} in Robotics},
  volume={10},
  number={3-4},
  pages={198--376},
  year={2022},
  publisher={Now Publishers, Inc.}
}

@article{abmu-paper,
    title = {ABMU: An Agent-Based Modelling Framework for Unity3D},
    journal = {SoftwareX},
    volume = {15},
    pages = {100771},
    year = {2021},
    issn = {2352-7110},
    doi = {https://doi.org/10.1016/j.softx.2021.100771},
    url = {https://www.sciencedirect.com/science/article/pii/S2352711021000881},
    author = {Kostas Cheliotis},
    keywords = {Agent-Based Modelling, Framework, 3D, Unity3D}
}

 @misc{unity-market-share, 
 title={Did you know that 60\% of game developers use game engines?}, url={https://www.slashdata.co/blog/did-you-know-that-60-of-game-developers-use-game-engines}, journal={SlashData}, year={2022}, month={Dec}} 


@Article{abm-validation-issues,
    AUTHOR = {Mora-Cantallops, Marçal and Sánchez-Alonso, Salvador and García-Barriocanal, Elena and Sicilia, Miguel-Angel},
    TITLE = {Traceability for Trustworthy AI: A Review of Models and Tools},
    JOURNAL = {Big Data and Cognitive Computing},
    VOLUME = {5},
    YEAR = {2021},
    NUMBER = {2},
    ARTICLE-NUMBER = {20},
    URL = {https://www.mdpi.com/2504-2289/5/2/20},
    ISSN = {2504-2289},
    DOI = {10.3390/bdcc5020020}
}

@misc{Cubic-Bézier-Curves,
    title = {Cubic Bézier Curves},
    year = {2000},
    url = {https://mse.redwoods.edu/darnold/math45/laproj/Fall2000/AlShav/bezier-dave.pdf},
    author = {Shavez Kaleem, AI Abrahamsen}
}

@misc{bezier-clipping,
    title = {Computer Aided Geometric Design},
    year = {2012},
    url = {https://scholarsarchive.byu.edu/cgi/viewcontent.cgi?article=1000&context=facpub},
    author = {Thomas Sederberg}
}

@misc{flocking-behaviour,
    title = {ARTS 102 Aesthetics of the Algorithmic Image},
    year = {2005},
    url = {https://www.mat.ucsb.edu/~g.legrady/academic/courses/05f102/jg_flocking.html},
    author = {Johannes Goerz}
}

@misc{bezier-playground,
    title = {Bezier Playground},
    year = {2018},
    url = {https://samgentle.com/playgrounds/bezier},
    author = {Sam Gentle}
}

@article{ZENG2021125918bottleneck,
title = {Expressway traffic flow under the combined bottleneck of accident and on-ramp in framework of Kerner’s three-phase traffic theory},
journal = {Physica A: Statistical Mechanics and its Applications},
volume = {574},
pages = {125918},
year = {2021},
issn = {0378-4371},
doi = {https://doi.org/10.1016/j.physa.2021.125918},
url = {https://www.sciencedirect.com/science/article/pii/S0378437121001904},
author = {Junwei Zeng and Yongsheng Qian and Ziwen Lv and Fan Yin and Leipeng Zhu and Yongzhi Zhang and Dejie Xu},
}

@article{NGUYEN2021100486,
title = {An overview of agent-based traffic simulators},
journal = {Transportation Research Interdisciplinary Perspectives},
volume = {12},
pages = {100486},
year = {2021},
issn = {2590-1982},
doi = {https://doi.org/10.1016/j.trip.2021.100486},
url = {https://www.sciencedirect.com/science/article/pii/S2590198221001913},
author = {Johannes Nguyen and Simon T. Powers and Neil Urquhart and Thomas Farrenkopf and Michael Guckert},
keywords = {Traffic simulation, Multi-agent systems, Simulation software},
}

@article{sumo-paper-2012,
author = {Krajzewicz, Daniel and Erdmann, Jakob and Behrisch, Michael and Bieker-Walz, Laura},
year = {2012},
month = {12},
pages = {},
title = {Recent Development and Applications of SUMO - Simulation of Urban MObility},
volume = {3\&4},
journal = {International Journal On Advances in Systems and Measurements}
}

@misc{sumo-website ,
  author = {Eclipse Foundation},
  title = {Eclipse SUMO: Simulation of Urban Mobility},
  year = {2021},
  url = {https://www.eclipse.org/sumo/},
  note = {Accessed: 2023-04-28}
}

@misc{ptvvissim-website,
  author = {PTV Group},
  title = {PTV Vissim: Microscopic Traffic Simulation Software},
  year = {2021},
  url = {https://www.myptv.com/en/mobility-software/ptv-vissim},
  note = {Accessed: 2023-04-28}
}


@article{ahmed2021, title={A Review of Car-Following Models and Modeling Tools for Human and Autonomous-Ready Driving Behaviors in Micro-Simulation}, volume={4}, ISSN={2624-6511}, url={http://dx.doi.org/10.3390/smartcities4010019}, DOI={10.3390/smartcities4010019}, number={1}, journal={Smart Cities}, publisher={MDPI AG}, author={Ahmed, Hafiz Usman and Huang, Ying and Lu, Pan}, year={2021}, month={Mar}, pages={314–335} }

% ABMU references

@misc{unity2021manual,
  author = {Unity Technologies},
  title = {Unity User Manual (2021.1)},
  year = {2021},
  howpublished = {\url{https://docs.unity3d.com/Manual/index.html}}
}

@book{wilensky2015introduction,
  title={An Introduction to Agent-Based Modeling: Modeling Natural, Social, and Engineered Complex Systems with NetLogo},
  author={Wilensky, Uri and Rand, William},
  year={2015},
  publisher={MIT Press}
}

@misc{abmu2021,
  author = {ABMU Developers},
  title = {{ABMU}: Agent-Based Modelling Framework for {Unity3D}},
  year = {2021},
  howpublished = {\url{https://github.com/ABMU/ABMU}}
}

@book{epstein1996growing,
  title={Growing Artificial Societies: Social Science from the Bottom Up},
  author={Epstein, Joshua M. and Axtell, Robert},
  year={1996},
  publisher={Brookings Institution Press}
}

@article{reynolds1987flocks,
  title={Flocks, herds and schools: A distributed behavioral model},
  author={Reynolds, Craig W.},
  journal={ACM SIGGRAPH Computer Graphics},
  volume={21},
  number={4},
  pages={25--34},
  year={1987},
  publisher={ACM New York, NY, USA}
}

@article{schelling1971dynamic,
  title={Dynamic models of segregation},
  author={Schelling, Thomas C.},
  journal={Journal of Mathematical Sociology},
  volume={1},
  number={2},
  pages={143--186},
  year={1971},
  publisher={Taylor \& Francis}
}

% Ethical references
@misc{ico2021consent,
  author = {Information Commissioner's Office},
  title = {Consent},
  year = {n.d.},
  howpublished = {\url{https://ico.org.uk/for-organisations/guide-to-data-protection/guide-to-the-general-data-protection-regulation-gdpr/consent/}}
}

@legislation{gdpr2016,
  title={{Regulation (EU) 2016/679 of the European Parliament and of the Council of 27 April 2016 on the protection of natural persons with regard to the processing of personal data and on the free movement of such data, and repealing Directive 95/46/EC (General Data Protection Regulation)}},
  author={European Parliament and Council},
  journal={Official Journal of the European Union},
  volume={L119},
  pages={1--88},
  year={2016}
}

% A* references
@article{hart1968formal,
  title={A formal basis for the heuristic determination of minimum cost paths},
  author={Hart, Peter E and Nilsson, Nils J and Raphael, Bertram},
  journal={IEEE Transactions on Systems Science and Cybernetics},
  volume={4},
  number={2},
  pages={100--107},
  year={1968},
  publisher={IEEE}
}

@book{russell2016artificial,
  title={Artificial Intelligence: A Modern Approach},
  author={Russell, Stuart J and Norvig, Peter},
  edition={3rd},
  year={2016},
  publisher={Pearson}
}

@article{dechter1985generalized,
  title={Generalized best-first search strategies and the optimality of {A*}},
  author={Dechter, Rina and Pearl, Judea},
  journal={Journal of the ACM},
  volume={32},
  number={3},
  pages={505--536},
  year={1985},
  publisher={ACM New York, NY, USA}
}

% ABM references

@book{railsback2019agent,
  title={Agent-based and individual-based modeling: A practical introduction},
  author={Railsback, Steven F and Grimm, Volker},
  edition={2nd},
  year={2019},
  publisher={Princeton University Press}
}

@article{bonabeau2002agent,
  title={Agent-based modeling: Methods and techniques for simulating human systems},
  author={Bonabeau, Eric},
  journal={Proceedings of the National Academy of Sciences},
  volume={99},
  number={Suppl 3},
  pages={7280--7287},
  year={2002},
  publisher={National Acad Sciences}
}

@article{railsback2020pred-prey,
  title={Bridging Levels from Individuals to Communities and Ecosystems: Including Adaptive Behavior and Feedbacks in Ecological Theory and Models},
  author={Railsback, Steven F. and Berger, Uta and Giske, Jarl and Hagstrom, George I. and Harvey, Bret C. and Semeniuk, Christina and Grimm, Volker},
  journal={Bulletin of the Ecological Society of America},
  volume={101},
  number={1},
  pages={1--10},
  year={2020},
  url={https://www.jstor.org/stable/26853212}
}

% Edy's Vehicle Physics
@misc{edy,
  title = {Edy's Vehicle Physics},
  howpublished = {\url{https://assetstore.unity.com/packages/tools/physics/edy-s-vehicle-physics-403}}
}

% Bézier Path Creator
@misc{bpc,
  title = {Bézier Vehicle Creator},
  howpublished = {\url{https://assetstore.unity.com/packages/tools/utilities/b-zier-path-creator-136082}}
}

% GitHub
@misc{github,
  title = {GitHub},
  howpublished = {\url{https://github.com/}}
}

% Git
@misc{git,
  title = {Git},
  howpublished = {\url{https://git-scm.com/}}
}

% Trello
@misc{trello,
  title = {Trello},
  howpublished = {\url{https://trello.com/}}
}

% Balsamiq Wireframes
@misc{balsamiq-wireframes,
  title = {Balsamiq Wireframes},
  howpublished = {\url{https://balsamiq.com/}}
}

@misc{visum,
    title = {PTV Visum},
    howpublished = {\url{https://www.ptvgroup.com/se/loesningar/produkter/visum/}}
}

% Unity theory

@misc{macworld2005,
  title={Over the Edge releases Unity 1.0 game engine},
  author={Macworld Staff},
  year={2005},
  month={Jun},
  howpublished={\url{https://www.macworld.com/article/176746/unity-3.html}},
  note={Accessed: 2023-05-09}
}


@misc{polygon2014,
  title={Former EA CEO John Riccitiello appointed CEO of Unity},
  author={Webster, Andrew},
  year={2014},
  howpublished={\url{https://www.polygon.com/2014/10/22/7039683/electronic-arts-john-riccitiello-unity-ceo}},
  note={Accessed: 2023-05-09}
}

@misc{slashdata2022,
  title={Did you know that 60\% of game developers use game engines?},
  author={Christoforou, Stavros},
  year={2022},
  howpublished={\url{https://www.slashdata.co/blog/did-you-know-that-60-of-game-developers-use-game-engines}},
  note={Accessed: 2023-05-09}
}

@misc{gameprogrammingpatterns2023,
  title={Game Loop},
  author={Nystrom, Robert},
  howpublished={\url{https://gameprogrammingpatterns.com/game-loop.html}},
  note={Accessed: 2023-05-09}
}

@misc{unityManualExecutionOrder2023,
  title={Order of Execution for Event Functions},
  author={Unity Technologies},
  year={2023},
  howpublished={\url{https://docs.unity3d.com/Manual/ExecutionOrder.html}},
  note={Accessed: 2023-05-09}
}

@misc{unityManualEventFunctions2023,
  title={Event Functions},
  author={Unity Technologies},
  year={2023},
  howpublished={\url{https://docs.unity3d.com/Manual/EventFunctions.html}},
  note={Accessed: 2023-05-09}
}

% Design patterns
@book{alexander1977pattern,
  title={A Pattern Language: Towns, Buildings, Construction},
  author={Alexander, Christopher and Ishikawa, Sara and Silverstein, Murray and Jacobson, Max and Fiksdahl-King, Ingrid and Angel, Shlomo},
  year={1977},
  publisher={Oxford University Press}
}

@book{gamma1994design,
  title={Design Patterns: Elements of Reusable Object-Oriented Software},
  author={Gamma, Erich and Helm, Richard and Johnson, Ralph and Vlissides, John},
  year={1994},
  publisher={Addison-Wesley Professional}
}

@misc{microsoft-csharp-delegates,
  title={Delegates (C\# Programming Guide)},
  author={Microsoft},
  year={2021},
  howpublished={\url{https://docs.microsoft.com/en-us/dotnet/csharp/programming-guide/delegates/}},
  note={Accessed: 2023-05-09}
}

@misc{microsoft-eventhandler,
  title={EventHandler Delegate},
  author={Microsoft},
  year={2021},
  howpublished={\url{https://docs.microsoft.com/en-us/dotnet/api/system.eventhandler?view=net-7.0}},
  note={Accessed: 2023-05-09}
}

@misc{microsoft-csharp-events,
  title={Events (C\# Programming Guide)},
  author={Microsoft},
  year={2021},
  howpublished={\url{https://docs.microsoft.com/en-us/dotnet/csharp/programming-guide/events/}},
  note={Accessed: 2023-05-09}
}

@misc{unity-unityevents,
  title={UnityEvents},
  author={Unity Technologies},
  year={2021},
  howpublished={\url{https://docs.unity3d.com/Manual/UnityEvents.html}},
  note={Accessed: 2023-05-09}
}

@misc{gameprogpatterns-observer,
  title={Observer},
  author={Bob Nystrom},
  year={2014},
  howpublished={\url{https://gameprogrammingpatterns.com/observer.html}},
  note={Accessed: 2023-05-09}
}

@misc{gameprogpatterns-state,
  title={State},
  author={Bob Nystrom},
  year={2014},
  howpublished={\url{https://gameprogrammingpatterns.com/state.html}},
  note={Accessed: 2023-05-09}
}

@misc{refactoringguru-singleton,
  title={Singleton},
  author={Refactoring Guru},
  year={2021},
  howpublished={\url{https://refactoring.guru/design-patterns/singleton}},
  note={Accessed: 2023-05-09}
}

@misc{open-street-map,
  title={OSM},
  author={OpenStreetMap},
  howpublished={\url{https://www.openstreetmap.org/about}},
  note={Accessed: 2023-05-09}
}

@misc{road-architect,
    title={RoadArchitect},
    author={MicroGSD},
    howpublished={\url{https://github.com/MicroGSD/RoadArchitect}},
    note={Accessed: 2023-05-10}
}

@book{bezier-curves,
  title={Curves and Surfaces for Computer-Aided Geometric Design},
  author={Farin, Gerald},
  year={1993},
  publisher={Academic Press}
}

@article{bus-lanes,
    title={Dynamic bus lanes in Sweden - a pre-study},
    author={Olstam, Johan and Häll, Carl-Henrik and Smith, Göran and Habibovic, Azra},
    year={2015},
    publisher={K2}
}

@misc{IEA,
  title={Electric Vehicles},
  year={2022},
  author={IEA},
  howpublished={\url{https://www.iea.org/reports/electric-vehicles#}},
  note={Accessed: 2023-05-10}
}


