@book{mop,
  author = {Roger Johansson},
  year = {2020},
  title = {Maskinorienterad programmering med MD407},
  publisher = {Roger Johansson och GÃ¶teborgs Mikrovaror}
}